<?xml version="1.0" encoding="UTF-8"?>
<record xmlns="http://www.loc.gov/MARC21/slim" xmlns:xsi="http://www.w3.org/2001/XMLSchema-instance" xsi:schemaLocation="http://www.loc.gov/MARC21/slim http://www.loc.gov/standards/marcxml/schema/MARC21slim.xsd">
<leader>     cam a2200253 a 4500</leader>
<controlfield tag="001">001916409</controlfield>
<controlfield tag="003">NNU</controlfield>
<controlfield tag="005">19940713181853.0</controlfield>
<controlfield tag="008">910311s1988    ir       i    000 0 ara d</controlfield>
<datafield tag="035" ind1="9" ind2=" ">
<subfield code="a">NYUb10859580</subfield>
</datafield>
<datafield tag="035" ind1=" " ind2=" ">
<subfield code="a">(CStRLIN)NYUG91-B9506</subfield>
</datafield>
<datafield tag="035" ind1=" " ind2=" ">
<subfield code="a">GLIS00859580X</subfield>
</datafield>
<datafield tag="040" ind1=" " ind2=" ">
<subfield code="a">NjP</subfield>
<subfield code="c">NjP</subfield>
</datafield>
<datafield tag="090" ind1=" " ind2=" ">
<subfield code="i">03/13/91 CT</subfield>
</datafield>
<datafield tag="100" ind1="1" ind2=" ">
<subfield code="a">Muḥammad, Uways Karīm.</subfield>
</datafield>
<datafield tag="245" ind1="1" ind2="3">
<subfield code="a">al-Muʻjam al-mawḍūʻī li-Nahj al-balāghah /</subfield>
<subfield code="c">iʻdād Uways Karīm Muḥammad.</subfield>
</datafield>
<datafield tag="250" ind1=" " ind2=" ">
<subfield code="a">al-Ṭabʻah 1.</subfield>
</datafield>
<datafield tag="260" ind1=" " ind2=" ">
<subfield code="a">Mashhad, Īrān :</subfield>
<subfield code="b">Majmaʻ al-Buḥūth al-Islāmīyah,</subfield>
<subfield code="c">1408 [1988]</subfield>
</datafield>
<datafield tag="300" ind1=" " ind2=" ">
<subfield code="a">500 p. ;</subfield>
<subfield code="c">24 cm.</subfield>
</datafield>
<datafield tag="600" ind1="0" ind2="0">
<subfield code="a">ʻAlī ibn Abī Ṭālib,</subfield>
<subfield code="c">Caliph,</subfield>
<subfield code="d">600 (ca.)-661</subfield>
<subfield code="x">Hadith</subfield>
<subfield code="v">Indexes.</subfield>
</datafield>
<datafield tag="600" ind1="1" ind2="0">
<subfield code="a">Sharīf al-Raḍī, Muḥammad ibn al-Ḥusayn,</subfield>
<subfield code="d">969 or 70-1016.</subfield>
<subfield code="t">Nahj al-balāghah</subfield>
<subfield code="v">Indexes.</subfield>
</datafield>
<datafield tag="650" ind1=" " ind2="0">
<subfield code="a">Hadith (Shiites)</subfield>
<subfield code="v">Indexes.</subfield>
</datafield>
<datafield tag="OWN" ind1=" " ind2=" ">
<subfield code="a">GENERAL</subfield>
</datafield>
<datafield tag="950" ind1=" " ind2=" ">
<subfield code="l">BMAIN</subfield>
<subfield code="a">BP193.27</subfield>
<subfield code="b">.M84 1988</subfield>
<subfield code="i">03/13/91 C</subfield>
</datafield>
<datafield tag="955" ind1=" " ind2=" ">
<subfield code="l">BMAIN</subfield>
<subfield code="c">1</subfield>
<subfield code="r">015361507</subfield>
<subfield code="i">03/13/91 C</subfield>
</datafield>
<datafield tag="998" ind1=" " ind2=" ">
<subfield code="a">03/13/91</subfield>
<subfield code="t">c</subfield>
<subfield code="s">9118</subfield>
<subfield code="n">NNU</subfield>
<subfield code="w">NJPG89B5314</subfield>
<subfield code="d">03/11/91</subfield>
<subfield code="b">MDE</subfield>
<subfield code="i">910313</subfield>
<subfield code="l">NYUG</subfield>
</datafield>
<datafield tag="AVA" ind1=" " ind2=" ">
<subfield code="a">NYU50</subfield>
<subfield code="b">BOBST</subfield>
<subfield code="c">Main Collection</subfield>
<subfield code="d">BP193.27 .M84 1988</subfield>
<subfield code="e">unavailable</subfield>
<subfield code="t">Unavailable</subfield>
<subfield code="f">1</subfield>
<subfield code="g">1</subfield>
<subfield code="h">N</subfield>
<subfield code="i">0</subfield>
<subfield code="j">MAIN</subfield>
<subfield code="k">0</subfield>
</datafield>
</record>
